@misc{MovieDataset,
  author       = {GroupLens Research},
  title        = {Movie Rating Dataset},
  howpublished = {\url{https://grouplens.org/datasets/movielens/latest/}},
  note         = {Accessed: 24 Mar. 2021}
}

@misc{DLCourse,
  author       = {Alexander Ilin},
  title        = {CS-E4890 Deep Learning Lecture 4},
  howpublished = {\url{https://mycourses.aalto.fi/pluginfile.php/1436564/mod_resource/content/4/reg_all_slides.pdf}},
  note         = {Accessed: 24 Mar. 2021}
}

@misc{RSLecture,
  author       = {Stephan Sigg},
  title        = {Lecture Slides of CS-C3240 Machine Learning},
  howpublished = {\url{https://mycourses.aalto.fi/pluginfile.php/1415791/mod_page/content/23/CS-C3240_Round3_AnomalyDetection-OnlineLeaning-RecommenderSystems.pdf}},
  note         = {Accessed: 24 Mar. 2021}
}

@misc{MLBook,
  author       = {Alexander Jung},
  title        = {Machine learning basics book},
  howpublished = {\url{https://github.com/alexjungaalto/MachineLearningTheBasics/blob/master/MLBasicsBook.pdf}},
  note         = {Accessed: 24 Mar. 2021}
}

@misc{embedding,
  author       = {PyTorch},
  title        = {Embedding Layer},
  howpublished = {\url{https://pytorch.org/docs/stable/generated/torch.nn.Embedding.html}},
  note         = {Accessed: 24 Mar. 2021}
}

@misc{surprise,
  author       = {Nicolas Hug},
  title        = {Scikit-learn Surprise Package},
  howpublished = {\url{https://github.com/NicolasHug/Surprise}},
  note         = {Accessed: 24 Mar. 2021}
}

@misc{SVD,
  author       = {Simon Funk},
  title        = {SVD Algorithm},
  howpublished = {\url{https://sifter.org/~simon/journal/20061211.html}},
  note         = {Accessed: 24 Mar. 2021}
}

@article{hinton2012dropout,
  title={Improving neural networks by preventing co-adaptation of feature detectors},
  author={Hinton, Geoffrey E and Srivastava, Nitish and Krizhevsky, Alex and Sutskever, Ilya and Salakhutdinov, Ruslan R},
  journal={arXiv preprint arXiv:1207.0580},
  year={2012}
}

Movies Recommender System with Collaborative Filtering and Neural Network

Data from https://grouplens.org/datasets/movielens/latest/

CS-C3240 Round 3 Material https://mycourses.aalto.fi/pluginfile.php/1415791/mod_page/content/23/CS-C3240_Round3_AnomalyDetection-OnlineLeaning-RecommenderSystems.pdf

A tutorial on recommender system https://www.kaggle.com/ibtesama/getting-started-with-a-movie-recommendation-system

An example of collaborative filtering https://realpython.com/build-recommendation-engine-collaborative-filtering/

Pytorch embedding layer 

CS-E4890 Deep learning Lecture 4 and corresponding assignment https://mycourses.aalto.fi/pluginfile.php/1436564/mod_resource/content/4/reg_all_slides.pdf

Python package Surprise https://github.com/NicolasHug/Surprise